<?xml version="1.0" encoding="UTF-8"?>
<collection xmlns:xsi="http://www.w3.org/2001/XMLSchema-instance" xsi:schemaLocation="http://www.loc.gov/MARC21/slim http://www.loc.gov/standards/marcxml/schema/MARC21slim.xsd" xmlns="http://www.loc.gov/MARC21/slim">
  <present>
<record>
<record_header>
<set_entry>000000001</set_entry>
</record_header>
<doc_number>000063674</doc_number>
<metadata>
<oai_marc>


<leader>00000nam-a22-----7a-4500</leader>
<controlfield tag="001">000063674</controlfield>
<controlfield tag="003">CZ-PrCZU</controlfield>
<controlfield tag="005">20140103091358.0</controlfield>
<controlfield tag="006">m--------u--------</controlfield>
<controlfield tag="007">cr-cn-</controlfield>
<controlfield tag="008">140103s2012----xxk----f-----||||-0-eng-d</controlfield>
<datafield tag="020" ind1=" " ind2=" ">
<subfield code="a">978-1-84951-784-3</subfield>
</datafield>
<datafield tag="040" ind1=" " ind2=" ">
<subfield code="a">ABD026</subfield>
<subfield code="b">cze</subfield>
</datafield>
<datafield tag="100" ind1="1" ind2=" ">
<subfield code="a">Perez, Antonio Santiago</subfield>
</datafield>
<datafield tag="245" ind1="1" ind2="0">
<subfield code="a">OpenLayers cookbook :</subfield>
<subfield code="b">60 recipes to create GIS web applications with the open source JavaScript library /</subfield>
<subfield code="c">Antonio Santiago Perez.</subfield>
</datafield>
<datafield tag="250" ind1=" " ind2=" ">
<subfield code="a">1. ed.</subfield>
</datafield>
<datafield tag="260" ind1=" " ind2=" ">
<subfield code="a">Birmingham :</subfield>
<subfield code="b">Packt Publishing,</subfield>
<subfield code="c">2012</subfield>
</datafield>
<datafield tag="300" ind1=" " ind2=" ">
<subfield code="a">iii, 284 s. :</subfield>
<subfield code="b">il.</subfield>
</datafield>
<datafield tag="500" ind1=" " ind2=" ">
<subfield code="a">Obsahuje rejstřík</subfield>
</datafield>
<datafield tag="655" ind1=" " ind2="7">
<subfield code="a">příručky</subfield>
<subfield code="7">fd133209</subfield>
<subfield code="2">czenas</subfield>
</datafield>
<datafield tag="650" ind1="0" ind2="7">
<subfield code="a">JavaScript</subfield>
<subfield code="7">ph117651</subfield>
<subfield code="2">czenas</subfield>
</datafield>
<datafield tag="CAT" ind1=" " ind2=" ">
<subfield code="a">BATELKOVA</subfield>
<subfield code="b">20</subfield>
<subfield code="c">20140103</subfield>
<subfield code="l">CZU01</subfield>
<subfield code="h">0913</subfield>
</datafield>
<datafield tag="CAT" ind1=" " ind2=" ">
<subfield code="a">BATELKOVA</subfield>
<subfield code="b">20</subfield>
<subfield code="c">20140103</subfield>
<subfield code="l">CZU01</subfield>
<subfield code="h">0913</subfield>
</datafield>
<datafield tag="CAT" ind1=" " ind2=" ">
<subfield code="a">BATELKOVA</subfield>
<subfield code="b">20</subfield>
<subfield code="c">20140103</subfield>
<subfield code="l">CZU01</subfield>
<subfield code="h">0913</subfield>
</datafield>
<datafield tag="910" ind1=" " ind2=" ">
<subfield code="a">ABD026</subfield>
</datafield>
<datafield tag="900" ind1=" " ind2=" ">
<subfield code="a">ABA001</subfield>
<subfield code="b">12</subfield>
</datafield>
<datafield tag="SID" ind1=" " ind2=" ">
<subfield code="a">Z39</subfield>
<subfield code="b">SKC-Z-SN</subfield>
</datafield>
</oai_marc>
</metadata>
</record>