

<record>
<record_header>
<set_entry>000000002</set_entry>
</record_header>
<doc_number>000063337</doc_number>
<metadata>
<oai_marc>


<leader>00000cam-a22-----7a-4500</leader>
<controlfield tag="001">000063337</controlfield>
<controlfield tag="003">CZ-PrCZU</controlfield>
<controlfield tag="005">20140521093323.0</controlfield>
<controlfield tag="008">030124s1998----xxu||||||||||||||-||eng--</controlfield>
<datafield tag="020" ind1=" " ind2=" ">
<subfield code="a">0-201-18462-1</subfield>
<subfield code="z">978-0-201-18462-4</subfield>
</datafield>
<datafield tag="040" ind1=" " ind2=" ">
<subfield code="a">ABD100</subfield>
<subfield code="b">cze</subfield>
<subfield code="d">ABD026</subfield>
</datafield>
<datafield tag="072" ind1=" " ind2="7">
<subfield code="a">004</subfield>
<subfield code="x">Počítačová věda. Výpočetní technika. Informační technologie</subfield>
<subfield code="2">Konspekt</subfield>
<subfield code="9">23</subfield>
</datafield>
<datafield tag="080" ind1=" " ind2=" ">
<subfield code="a">004.045</subfield>
<subfield code="2">MRF</subfield>
</datafield>
<datafield tag="080" ind1=" " ind2=" ">
<subfield code="a">004.43</subfield>
<subfield code="2">MRF</subfield>
</datafield>
<datafield tag="100" ind1="1" ind2=" ">
<subfield code="a">Alpert, Sherman R.</subfield>
<subfield code="4">aut</subfield>
</datafield>
<datafield tag="245" ind1="1" ind2="4">
<subfield code="a">The design patterns Smalltalk companion /</subfield>
<subfield code="c">Sherman R. Alpert, Kyle Brown, Bobby Woolf.</subfield>
</datafield>
<datafield tag="260" ind1=" " ind2=" ">
<subfield code="a">Reading :</subfield>
<subfield code="b">Addison-Wesley,</subfield>
<subfield code="c">c1998.</subfield>
</datafield>
<datafield tag="300" ind1=" " ind2=" ">
<subfield code="a">xiii, 444 s. :</subfield>
<subfield code="b">il.</subfield>
</datafield>
<datafield tag="490" ind1="0" ind2=" ">
<subfield code="a">The software patterns series</subfield>
</datafield>
<datafield tag="504" ind1=" " ind2=" ">
<subfield code="a">Obsahuje bibliografii a rejstřík</subfield>
</datafield>
<datafield tag="650" ind1="1" ind2="4">
<subfield code="a">objektově orientované programování</subfield>
<subfield code="2">psh</subfield>
</datafield>
<datafield tag="650" ind1="1" ind2="4">
<subfield code="a">programovací jazyky</subfield>
<subfield code="2">psh</subfield>
</datafield>
<datafield tag="655" ind1=" " ind2="7">
<subfield code="a">monografie</subfield>
<subfield code="7">fd132842</subfield>
<subfield code="2">czenas</subfield>
</datafield>
<datafield tag="700" ind1="1" ind2=" ">
<subfield code="a">Brown, Kyle</subfield>
<subfield code="4">aut</subfield>
</datafield>
<datafield tag="700" ind1="1" ind2=" ">
<subfield code="a">Woolf, Bobby</subfield>
<subfield code="7">xx0038488</subfield>
<subfield code="4">aut</subfield>
</datafield>
<datafield tag="CAT" ind1=" " ind2=" ">
<subfield code="a">BATELKOVA</subfield>
<subfield code="b">20</subfield>
<subfield code="c">20131104</subfield>
<subfield code="l">CZU01</subfield>
<subfield code="h">0841</subfield>
</datafield>
<datafield tag="CAT" ind1=" " ind2=" ">
<subfield code="a">KULHAVA</subfield>
<subfield code="b">20</subfield>
<subfield code="c">20140521</subfield>
<subfield code="l">CZU01</subfield>
<subfield code="h">0933</subfield>
</datafield>
<datafield tag="910" ind1=" " ind2=" ">
<subfield code="a">ABD026</subfield>
</datafield>
<datafield tag="900" ind1=" " ind2=" ">
<subfield code="a">ABD100</subfield>
<subfield code="b">14</subfield>
</datafield>
<datafield tag="998" ind1=" " ind2=" ">
<subfield code="a">005747487</subfield>
</datafield>
<datafield tag="SID" ind1=" " ind2=" ">
<subfield code="a">Z39</subfield>
<subfield code="b">SKC-Z-SN</subfield>
</datafield>
</oai_marc>
</metadata>
</record>